<record xmlns='http://www.loc.gov/MARC21/slim'><leader>02329ntm a2200409Ii 4500</leader><controlfield tag='001'>991058301967106011</controlfield><controlfield tag='005'>20220508160554.0</controlfield><controlfield tag='008'>220506q14001499gw            000 0 eng d</controlfield><datafield ind1=' ' ind2=' ' tag='035'><subfield code='a'>(OCoLC)1314385430h</subfield></datafield><datafield ind1=' ' ind2=' ' tag='035'><subfield code='a'>(OCoLC)on1314385430h</subfield></datafield><datafield ind1=' ' ind2=' ' tag='040'><subfield code='a'>HRH</subfield><subfield code='b'>eng</subfield><subfield code='e'>dcrmmss</subfield><subfield code='c'>HRH</subfield></datafield><datafield ind1=' ' ind2=' ' tag='041'><subfield code='a'>lat</subfield></datafield><datafield ind1=' ' ind2=' ' tag='049'><subfield code='a'>HRHH</subfield></datafield><datafield ind1=' ' ind2='9' tag='099'><subfield code='a'>MS 3327, Container 44</subfield></datafield><datafield ind1='0' ind2='0' tag='245'><subfield code='a'>Tractatus de preparatione ad missas domini seraphici :</subfield><subfield code='k'>manuscript.</subfield></datafield><datafield ind1=' ' ind2='0' tag='264'><subfield code='a'>Germany ;</subfield><subfield code='c'>15th century</subfield></datafield><datafield ind1=' ' ind2=' ' tag='300'><subfield code='a'>30 leaves :</subfield><subfield code='b'>paper,</subfield><subfield code='c'>22 x 14 cm</subfield></datafield><datafield ind1=' ' ind2=' ' tag='336'><subfield code='a'>text</subfield><subfield code='b'>txt</subfield><subfield code='2'>rdacontent</subfield></datafield><datafield ind1=' ' ind2=' ' tag='337'><subfield code='a'>unmediated</subfield><subfield code='b'>n</subfield><subfield code='2'>rdamedia</subfield></datafield><datafield ind1=' ' ind2=' ' tag='338'><subfield code='a'>volume</subfield><subfield code='b'>nc</subfield><subfield code='2'>rdacarrier</subfield></datafield><datafield ind1=' ' ind2=' ' tag='500'><subfield code='a'>Title from caption?</subfield></datafield><datafield ind1=' ' ind2=' ' tag='500'><subfield code='a'>Decoration includes initials in red.</subfield></datafield><datafield ind1=' ' ind2=' ' tag='500'><subfield code='a'>Gothic cursiva textualis script</subfield></datafield><datafield ind1=' ' ind2=' ' tag='500'><subfield code='a'>Layout is 30 long lines ruled in lead point.</subfield></datafield><datafield ind1=' ' ind2=' ' tag='506'><subfield code='a'>Unrestricted, for either reading room or classroom use.</subfield></datafield><datafield ind1=' ' ind2=' ' tag='590'><subfield code='a'>MS 3327, Container 44: Adam Sim of Coulter (bookplate); Walter Seton of Abercorn (bookplate); acquired by the Ransom Center in 1973 from Jenkins Company (R5374). DIDB record: 12126. Binding (England 19th c?): Half dark green tanned sheepskin / marbled paper over paper boards. Straight caps, smooth spine, natural hollow, edges cut before sewing, textblock rounded and backed. Gold-tooled double filets, front and back covers, gold-tooled spine title, additional gold tooling on spine. Sewn on five cords laced on boards. No endbands. Endleaf components: front tipped folds (two nested) making stub, pastedown, two free endleaves [first missing], plus two additional pairs of sewn folds (two nested) making eight additional free endleaves, all of off-white machine-made paper; back same.</subfield></datafield><datafield ind1=' ' ind2=' ' tag='590'><subfield code='a'>A digital surrogate of Ransom Center copy MS 3327, Container 44 is available through the Digital Scriptorium.</subfield></datafield><datafield ind1=' ' ind2='7' tag='655'><subfield code='a'>Decorated initials.</subfield><subfield code='2'>aat</subfield></datafield><datafield ind1='1' ind2=' ' tag='790'><subfield code='a'>Sim, Adam,</subfield><subfield code='e'>former owner.</subfield></datafield><datafield ind1='1' ind2=' ' tag='790'><subfield code='a'>Seton, Walter,</subfield><subfield code='e'>former owner.</subfield></datafield><datafield ind1='2' ind2=' ' tag='791'><subfield code='a'>Medieval and Early Modern Manuscripts Collection.</subfield></datafield><datafield ind1=' ' ind2=' ' tag='752'><subfield code='a'>Germany,</subfield><subfield code='e'>producation place.</subfield></datafield><datafield ind1='4' ind2='0' tag='856'><subfield code='u'>http://ds.lib.berkeley.edu/HRC044_37</subfield><subfield code='y'>Digital copy for MS 3327, Container 44</subfield></datafield><datafield ind1='1' ind2=' ' tag='979'><subfield code='a'>Sim, Adam,</subfield><subfield code='e'>former owner.</subfield></datafield><datafield ind1='1' ind2=' ' tag='979'><subfield code='a'>Seton, Walter,</subfield><subfield code='e'>former owner.</subfield></datafield><datafield ind1='2' ind2=' ' tag='979'><subfield code='a'>Medieval and Early Modern Manuscripts Collection.</subfield></datafield><datafield ind1=' ' ind2=' ' tag='994'><subfield code='a'>C0</subfield><subfield code='b'>HRH</subfield></datafield></record>
